@book{Nocedal2006,
author = {Nocedal, J. and Wright, S. J.},
edition = {second},
publisher = {Springer},
title = {{Numerical Optimization}},
year = {2006}
}
@book{Kwakernaak1972,
    author    = "Kwakernaak, Huibert and Sivan, Raphael",
    title     = "Linear Optimal Control Systems. First Edition",
    publisher = "Wiley-Interscience",
    year      = "1972",
}

